@article{lewis1994heterogeneous,
  title={A sequential algorithm for training text classifiers},
  author={Lewis, David D and Gale, William A},
  journal={Proceedings of the 17th annual international ACM SIGIR conference on Research and development in information retrieval},
  pages={3--12},
  year={1994}
}

@article{settles2009active,
  title={Active learning literature survey},
  author={Settles, Burr},
  journal={University of Wisconsin-Madison Department of Computer Sciences},
  volume={52},
  number={55-66},
  pages={11},
  year={2009}
}

@article{gal2017deep,
  title={Deep bayesian active learning with image data},
  author={Gal, Yarin and Islam, Riashat and Ghahramani, Zoubin},
  journal={International conference on machine learning},
  pages={1183--1192},
  year={2017},
  organization={PMLR}
}

@article{sener2018active,
  title={Active learning for convolutional neural networks: A core-set approach},
  author={Sener, Ozan and Savarese, Silvio},
  journal={International conference on learning representations},
  year={2018}
}

@article{engelbrecht2001sensitivity,
  title={Sensitivity analysis for selective learning by feedforward neural networks},
  author={Engelbrecht, Andries P},
  journal={Fundamenta Informaticae},
  volume={46},
  number={4},
  pages={1001--1028},
  year={2001},
  publisher={IOS Press}
}

@article{sharma2016evidence,
  title={Evidence-based uncertainty sampling for active learning},
  author={Sharma, Manali and Bilgic, Mustafa},
  journal={Data Mining and Knowledge Discovery},
  volume={31},
  pages={164--202},
  year={2017},
  publisher={Springer}
}

@article{cohn1994improving,
  title={Improving generalization with active learning},
  author={Cohn, David and Atlas, Les and Ladner, Richard},
  journal={Machine Learning},
  volume={15},
  number={2},
  pages={201--221},
  year={1994},
  publisher={Springer}
}

@article{seung1992query,
  title={Query by committee},
  author={Seung, H Sebastian and Opper, Manfred and Sompolinsky, Haim},
  journal={Proceedings of the fifth annual workshop on Computational learning theory},
  pages={287--294},
  year={1992}
}